%%
%% WinShell 3.3.2.4
%% http://www.winshell.org/
%%

% Strings


% Preamble


% BibTeX Entries


@article{Persson2013,
	title = {Extracting intracellular diffusive states and transition rates from single-molecule tracking data},
	volume = {10},doi = {10.1038/nmeth.2367},number = {3},journal = {Nat Meth},
	author = {Persson, Fredrik and Lind\'en, Martin and Unoson, Cecilia and Elf, Johan},
	year = {2013},pages = {265--269}
}

@article{Argaman2012,
 author               = {Argaman, L. and Elgrably-Weiss, M. and Hershko, T. and Vogel, J. and Altuvia, S.},
 journal              = {Proc. Natl. Acad. Sci. U. S. A.},
 number               = {12},
 pages                = {4621 - 4626},
 title                = {RelA protein stimulates the activity of RyhB small RNA by acting on RNA-binding protein Hfq},
 volume               = {109},
 year                 = {2012},
 }

@article{Bakshi2012,
 author               = {Bakshi, S. and Siryaporn, A. and Goulian, M. and Weisshaar, J. C.},
 doi                  = {10.1111/j.1365-2958.2012.08081.x},
 journal              = {Mol. Microbiol.},
 pages                = {21 - 38},
 title                = {Superresolution imaging of ribosomes and {RNA} polymerase in live {Escherichia} coli cells},
 year                 = {2012},
 }

@article{Baum1972,
 author               = {Baum, {L.E.}},
 journal              = {Inequalities},
 pages                = {1 - 8},
 title                = {An Inequality and Associated Maximization Technique in Statistical Estimation for Probabilistic Functions of {Markov} Processes},
 volume               = {3},
 year                 = {1972},
 }

@phdthesis{Beal2003,
 author               = {Matthew Beal},
 school               = {University of Cambridge, UK},
 title                = {Variational Algorithms for approximate {Bayesian} inference},
 type                 = {{PhD} thesis},
 year                 = {2003},
 }

@article{Beausang2007,
 author               = {Beausang, John F and Zurla, Chiara and Manzo, Carlo and Dunlap, David and Finzi, Laura and Nelson, Philip C},
 doi                  = {10.1529/biophysj.107.104828},
 journal              = {Biophys. J.},
 number               = {8},
 pages                = {L64--66},
 title                = {{DNA} looping kinetics analyzed using diffusive hidden {Markov} model},
 volume               = {92},
 year                 = {2007},
 }

@book{Bishop2006,
 author               = {Bishop, C. M.},
 publisher            = {Springer-Verlag, New York USA},
 title                = {Pattern Recognition and Machine Learning},
 year                 = {2006},
 }

@article{Blomberg1990,
 author               = {Blomberg, P. and Wagner, E. G. and Nordstrom, K.},
 journal              = {EMBO J.},
 number               = {7},
 pages                = {2331 - 2340},
 title                = {Control of replication of plasmid {R1}: the
                  duplex between the antisense {RNA}, {CopA}, and its
                  target, {CopT}, is processed specifically in vivo and
                  in vitro by {RNase} {III}},
 volume               = {9},
 year                 = {1990},
 }

@article{Bronson2009,
 author               = {Bronson, J. E. and Fei, J. Y. and Hofman, J. M. and Gonzalez, R. L. and Wiggins, C. H.},
 journal              = {Biophys. J.},
 number               = {12},
 pages                = {3196 - 3205},
 title                = {Learning Rates and States from Biophysical Time Series: A {Bayesian} Approach to Model Selection and Single-Molecule {FRET} Data},
 volume               = {97},
 year                 = {2009},
 }

@article{Bronson2010,
 author               = {Bronson, J. E. and Hofman, J. M. and Fei, J. and Gonzalez, R. L. and Wiggins, C. H.},
 journal              = {BMC Bioinformatics},
 pages                = {S2},
 title                = {Graphical models for inferring single molecule dynamics},
 volume               = {11 Suppl 8},
 year                 = {2010},
 }

@article{Calvori1965,
 author               = {Calvori, C and Frontali, L and Leoni, L and Tecce, G},
 journal              = {Nature},
 number               = {4995},
 pages                = {417 - 418},
 title                = {Effect of rifamycin on protein synthesis},
 volume               = {207},
 year                 = {1965},
 }

@article{Chung2010,
 author               = {Chung, Inhee and Akita, Robert and Vandlen, Richard and Toomre, Derek and Schlessinger, Joseph and Mellman, Ira},
 doi                  = {10.1038/nature08827},
 journal              = {Nature},
 number               = {7289},
 pages                = {783--787},
 title                = {Spatial control of {EGF} receptor activation by reversible dimerization on living cells},
 volume               = {464},
 year                 = {2010},
 }

@article{Das2009,
 author               = {Das, R. and Cairo, C. W. and Coombs, D.},
 journal              = {PLoS Comput. Biol.},
 number               = {11},
 title                = {A Hidden {Markov} Model for Single Particle Tracks Quantifies Dynamic Interactions between {LFA-1} and the Actin Cytoskeleton},
 volume               = {5},
 year                 = {2009},
 }

@article{Datsenko2000,
 author               = {Datsenko, K. A. and Wanner, B. L.},
 journal              = {Proc. Natl. Acad. Sci. U. S. A.},
 number               = {12},
 pages                = {6640 - 6645},
 title                = {One-step inactivation of chromosomal genes in
                  {Escherichia} coli {K-12} using {PCR} products},
 volume               = {97},
 year                 = {2000},
 }

@article{Eddy2004,
 author               = {Eddy, Sean R},
 optdoi                  = {10.1038/nbt0904-1177},
 journal              = {Nat. Biotech.},
 number               = {9},
 pages                = {1177--1178},
 title                = {What is {Bayesian} statistics?},
 volume               = {22},
 year                 = {2004},
 }

@article{Efron1979,
 author               = {Efron, B.},
 journal              = {Ann. Stat.},
 number               = {1},
 pages                = {1 - 26},
 title                = {Bootstrap Methods: Another Look at the Jackknife},
 volume               = {7},
 year                 = {1979},
 }

@article{Elowitz1999,
 author               = {Elowitz, M. B. and Surette, M. G. and Wolf, P. E. and Stock, J. B. and Leibler, S.},
 journal              = {J. Bact.},
 number               = {1},
 pages                = {197 - 203},
 title                = {Protein mobility in the cytoplasm of Escherichia coli},
 volume               = {181},
 year                 = {1999},
 }

@article{English2011,
 author               = {English, B. P. and Hauryliuk, V. and Sanamrad, A. and Tankov, S. and Dekker, N. H. and Elf, J.},
 journal              = {Proc. Natl. Acad. Sci. U. S. A.},
 number               = {31},
 pages                = {E365 - E373},
 title                = {Single-molecule investigations of the stringent response machinery in living bacterial cells},
 volume               = {108},
 year                 = {2011},
 }

@article{Fender2010,
 author               = {Fender, A. and Elf, J. and Hampel, K. and Zimmermann, B. and Wagner, E. G. H.},
 doi                  = {10.1101/gad.591310},
 journal              = {Gene. Dev.},
 number               = {23},
 pages                = {2621 - 2626},
 title                = {{RNAs} Actively Cycle on the {Sm}-Like Protein {Hfq}},
 volume               = {24},
 year                 = {2010},
 }

@incollection{Ghahramani2002,
 author               = {Ghahramani, Z.},
 booktitle            = {Hidden {Markov} models: applications in computer vision},
 pages                = {9 - 42},
 publisher            = {World Scientific Publishing Co., Hackensack USA},
 title                = {An introduction to hidden {Markov} models and {Bayesian} networks},
 url                  = {http://learning.eng.cam.ac.uk/zoubin/papers/},
 year                 = {2002},
 }

@article{Gillespie1977,
 author               = {Gillespie, D.T.},
 journal              = {J. Phys. Chem.},
 pages                = {2340-2361},
 title                = {Exact stochastic simulation of coupled chemical reactions},
 volume               = {81},
 year                 = {1977},
 }

@article{Green1995,
 author               = {Green, P. J.},
 journal              = {Biomet.},
 number               = {4},
 pages                = {711 - 732},
 title                = {Reversible jump {Markov} chain {Monte}
                  {Carlo} computation and {Bayesian} model
                  determination},
 volume               = {82},
 year                 = {1995},
 }

@article{Holmqvist2010,
 author               = {Holmqvist, E. and Reimegard, J. and Sterk,
                  M. and Grantcharova, N. and Romling, U. and Wagner,
                  E. G.},
 journal              = {EMBO J.},
 number               = {11},
 pages                = {1840 - 1850},
 title                = {Two antisense {RNAs} target the
                  transcriptional regulator {CsgD} to inhibit curli
                  synthesis},
 volume               = {29},
 year                 = {2010},
 }

@article{Jaqaman2008,
 author               = {Jaqaman, K. and Loerke, D. and Mettlen, M. and Kuwata, H. and Grinstein, S. and Schmid, S. L. and Danuser, G.},
 journal              = {Nat. Methods},
 number               = {8},
 pages                = {695 - 702},
 title                = {Robust single-particle tracking in live-cell time-lapse sequences},
 volume               = {5},
 year                 = {2008},
 }

@article{Link2009,
 author               = {Link, T. M. and Valentin-Hansen, P. and Brennan, R. G.},
 journal              = {Proc. Natl. Acad. Sci. U. S. A.},
 number               = {46},
 pages                = {19292 - 19297},
 title                = {Structure of {Escherichia} coli {Hfq} bound to polyriboadenylate {RNA}},
 volume               = {106},
 year                 = {2009},
 }

@unpublished{Mackay1997,
 author               = {MacKay, D. J. C.},
 note                 = {Accessed Feb 15 2011},
 title                = {Ensemble Learning for Hidden {Markov} Models},
 url                  = {http://www.inference.phy.cam.ac.uk/mackay/abstracts/ensemblePaper.html},
 year                 = {1997},
 }

@book{Mackay2003,
 author               = {MacKay, D.},
 publisher            = {Cambridge University Press, Cambridge UK},
 title                = {Information theory, inference, and learning algorithms},
 year                 = {2003},
 }

@article{Manley2008,
 author               = {Manley, S. and Gillette, J. M. and Patterson, G. H. and Shroff, H. and Hess, H. F. and Betzig, E. and Lippincott-Schwartz, J.},
 journal              = {Nat. Methods},
 number               = {2},
 pages                = {155 - 157},
 title                = {High-density mapping of single-molecule trajectories with photoactivated localization microscopy},
 volume               = {5},
 year                 = {2008},
 }

@article{Niu2008,
 author               = {Niu, L. and Yu, J.},
 journal              = {Biophys. J.},
 number               = {4},
 pages                = {2009 - 2016},
 title                = {Investigating intracellular dynamics of {FtsZ} cytoskeleton with photoactivation single-molecule tracking},
 volume               = {95},
 year                 = {2008},
 }

@article{Panja2012,
 author               = {Panja, S. and Woodson, S. A.},
 journal              = {J. Mol. Biol.},
 number               = {5},
 pages                = {406 - 412},
 title                = {Hexamer to Monomer Equilibrium of E. coli Hfq in Solution and Its Impact on RNA Annealing},
 volume               = {417},
 year                 = {2012},
 }

@article{Rabiner1989,
 author               = {Rabiner, {L.R.}},
 doi                  = {10.1109/5.18626},
 journal              = {P. {IEEE}},
 number               = {2},
 pages                = {257 - 286},
 title                = {A tutorial on hidden {Markov} models and selected applications in speech recognition},
 volume               = {77},
 year                 = {1989},
 }

@article{Robert2000,
 author               = {Robert, C. P. and Ryd\'en, T. and Titterington, D. M.},
 journal              = {J. Roy. Stat. Soc. B},
 number               = {1},
 pages                = {57 - 75},
 title                = {Bayesian Inference in Hidden {Markov} Models
                  through the Reversible Jump {Markov} Chain {Monte} {Carlo}
                  Method},
 volume               = {62},
 year                 = {2000},
 }

@article{Saxton2008,
 author               = {Saxton, M. J.},
 journal              = {Nat. Methods},
 number               = {8},
 pages                = {671 - 672},
 title                = {Single-particle tracking: connecting the dots},
 volume               = {5},
 year                 = {2008},
 }

@book{vanKampen2007,
 address              = {Amsterdam {Boston} {London}},
 author               = {Kampen, N G},
 edition              = {3rd ed.},
 optisbn              = {9780444529657},
 publisher            = {Elsevier},
 title                = {Stochastic processes in physics and chemistry},
 year                 = {2007},
 }

@misc{vbSPTdoc,
 author               = {Persson, F. and  Lind\'en, M. and Elf, J.},
 note                 = {Available through \url{sourceforge.net/projects/vbspt/}},
 title                = {{vbSPT} - {Documentation}},
 year                 = {2012},
 }

@article{Vogel2011,
 author               = {Vogel, J. and Luisi, B. F.},
 journal              = {Nat. Rev. Microbiol.},
 number               = {8},
 pages                = {578 - 589},
 title                = {Hfq and its constellation of {RNA}},
 volume               = {9},
 year                 = {2011},
 }

@article{Waters2009,
 author               = {Waters, L. S. and Storz, G.},
 journal              = {Cell},
 number               = {4},
 pages                = {615 - 628},
 title                = {Regulatory {RNAs} in Bacteria},
 volume               = {136},
 year                 = {2009},
 }

@misc{wiki:dirichlet,
 author               = {Wikipedia},
 note                 = {[Online; accessed 26-February-2012]},
 title                = {Dirichlet distribution --- Wikipedia{,} The Free Encyclopedia},
 url                  = {\url{http://en.wikipedia.org/w/index.php?title=Dirichlet_distribution&oldid=478066050}},
 year                 = {2012},
 }
 @misc{ wiki:KLdiv,
   author = "Wikipedia",
   title = "Kullback–Leibler divergence --- Wikipedia{,} The Free Encyclopedia",
   year = "2013",url = "http://en.wikipedia.org/w/index.php?title=Kullback-Leibler_divergence&oldid=551047025",
   note = "[Online; accessed 14-May-2013]"
 }

@book{XiaoBook2008,
 author               = {Xiao, J. and Elf, J and Li, G-W and Yu, J and Xie, S.},
 booktitle            = {Single-Molecule Techniques A Laboratory Manual},
 editor               = {Paul, R. S. and Taekjip, H.},
 pages                = {149-170},
 publisher            = {Cold Spring Harbor Laboratory Press},
 title                = {Imaging Gene Expression in Living Cells at the Single-Molecule Level},
 year                 = {2008},
 }

@article{Yu2000,
 author               = {Yu, D. and Ellis, E. C. and Jenkins, N. A. and Copeland, N. G. and Court, D. L.},
 journal              = {Proc. Natl. Acad. Sci. U. S. A.},
 number               = {11},
 pages                = {5978 - 5983},
 title                = {An efficient recombination system for chromosome engineering in Escherichia coli},
 volume               = {97},
 year                 = {2000},
 }

@article{Fange2010,
 author               = {Fange, D. and Berg, O. G. and Sjoberg, P. and Elf, J.},
 journal              = {Proc. Natl. Acad. Sci. U. S. A.},
 number               = {46},
 pages                = {19820 - 19825},
 title                = {Stochastic reaction-diffusion kinetics in the microscopic limit},
 volume               = {107},
 year                 = {2010},
 }

@article{Fredkin1986,
	title = {On Aggregated Markov Processes},
	volume = {23},number = {1},journal = {{J.Appl.Prob.}},
	author = {Fredkin, Donald R. and Rice, John A.},
	year = {1986},pages = {208--214}
}
@article{Kienker1989,
	title = {Equivalence of Aggregated Markov Models of Ion-Channel Gating},
	volume = {236},url = {http://www.jstor.org/stable/2410562},
	number = {1284},	journal = {Proc. R. Soc. Lond. B},
	author = {Kienker, P.},	year = {1989},	pages = {269--309}
}
@article{Bruno2005,
	title = {Using independent open-to-closed transitions to
                  simplify aggregated Markov models of ion channel
                  gating kinetics},
	volume = {102},doi = {10.1073/pnas.0409110102},number = {18},
	journal = {Proc. Natl. Acad. Sci. U.S.A.},author = {Bruno, William J. and Yang, Jin and Pearson, John E.},
	year = {2005},pages = {6326--6331}
}
@article{Flomenbom2006,
	title = {Utilizing the information content in two-state trajectories},
	volume = {103},doi = {10.1073/pnas.0604546103},number = {29},
	author = {Flomenbom, O. and R. J. Silbey},
	year = {2006},
	pages = {10907--10910}, journal={Proc. Natl. Acad. Sci. U. S. A.}
}